@article{xgboost,
    author = "Chen, Tianqi and Guestrin, Carlos",
    title = "{XGBoost: A Scalable Tree Boosting System}",
    year = "2016",
}

@article{stacking,
 author = "David H. Wolpert",
 title = "{Stacked Generalization}",
 year = "1992",
}
